
@ONLINE {jamesbaker2019,
    author = "James Baker",
    title  = "Machine  Learning Versus The News",
    year   = "2019",
    url    = "https://towardsdatascience.com/machine-learning-versus-the-news-3b5b479d8e6a"
}
@ONLINE {rafcasert,
    author = "Raf Casert",
    title  = "Belgium ramps up security for lone suspect in Jewish Museum attack",
    year   = "2016",
    url    = "https://archive.is/20140527190719/http://www.theglobeandmail.com/news/world/police-hunt-brussels-jewish-museum-shooter-france-tightens-security/article18835439/#selection-583.1-583.67"
    
}
@ONLINE {jamesd.goltz2018,
    author = "James D.Goltz",
    title  = "Earthquake advisories can save lives",
    year   = "2018",
    url    = "https://www.japantimes.co.jp/opinion/2018/04/17/commentary/japan-commentary/earthquake-advisories-can-save-lives/#.XIc8d7NbzeQ"
}
@ARTICLE {dennise.hayes1980,
    author  = "Dennis E.Hayes",
    title   = "South China Sea, PACIFIC OCEAN",
    journal = "The Tectonic and Geologic Evolution of Southeast Asian Seas and Islands",
    year    = "1980"
}
@article{erevelles2016big,
  title="Big Data consumer analytics and the transformation of marketing",
  author="Erevelles, Sunil and Fukawa, Nobuyuki and Swayne, Linda",
  journal="Journal of Business Research",
  volume="69",
  number="2",
  pages="897--904",
  year="2016",
  publisher="Elsevier"
}
@article{theNationalInterest, 
	title="\$5 Trillion Meltdown - What If China Shuts Down the South China Sea?",
	author="Anthony Fensom", 
	year="2016",
	journal="The National Interest",
	url="https://nationalinterest.org/blog/5-trillion-meltdown-what-if-china-shuts-down-the-south-china-16996"
}
@ONLINE {michaelbenzmoritzmuller,
    author = "Michael Benz, Moritz Muller",
    year = "2017"
    title  = "4 Valuable Insights Banks Can Gain From Unstructured Data",
    url    = "https://www.synpulse.com/en_sg/publications/article-en/11-07-18-valuable-insights-from-unstructured-data"
}
@article{ivanescu2016importance,
  title="The importance of prediction model validation and assessment in obesity and nutrition research",
  author="Ivanescu, Andrada E and Li, Peng and George, Brandon and Brown, Andrew W and Keith, Scott W and Raju, Dheeraj and Allison, David B",
  journal="nternational journal of obesity",
  volume="40",
  number="6",
  pages="887",
  year="2016",
  publisher="Nature Publishing Group"
}

@article{hoangnguyen_2014, 
	title={Vietnam and China ships 'collide in South China Sea}, 
	journal={BBC News}, 
	author={Hoang Nguyen}, 
	year={2014}
}
@article{adamni_2018, 
	title={Escalating Power Rivalries in the South China Sea Raise Concern},
	url={https://theglobalobservatory.org/2018/11/escalating-power-rivalries-south-china-sea-raise-concern/},
	journal={IPI Global Observatory}, 
	author={Adam Ni}, 
	year={2018}
}
@BOOK {thenewmedia’sroleinpolitics2014,
    author    = "The New Media’s Role in Politics",
    title     = "The Age of Perplexity: Rethinking the World We Knew",
    publisher = "OpenMind",
    year      = "2014"
}
@article{jamespearson, 
	title={Vietnam protests new building by Beijing in South China Sea}, 
	url={https://www.channelnewsasia.com/news/asia/vietnam-protests-new-building-by-beijing-in-south-china-sea-10959002}, 
	journal={Channel NewsAsia}, 
	publisher={Channel NewsAsia}, 
	author={James Pearson}
}
@article{preethi2015temporal,
  title={Temporal sentiment analysis and causal rules extraction from tweets for event prediction},
  author={Preethi, Peter G and Uma, Vilma and others},
  journal={Procedia computer science},
  volume={48},
  pages={84--89},
  year={2015},
  publisher={Elsevier}
}
@inproceedings{radinsky2012learning,
  title={Learning causality for news events prediction},
  author={Radinsky, Kira and Davidovich, Sagie and Markovitch, Shaul},
  booktitle={Proceedings of the 21st international conference on World Wide Web},
  pages={909--918},
  year={2012},
  organization={ACM}
}
@article{derekwatkins, 
	title={What China Has Been Building in the South China Sea}, 
	url={https://www.nytimes.com/interactive/2015/07/30/world/asia/what-china-has-been-building-in-the-south-china-sea.html}, 
	journal={The New York Times}, 
	author={Derek Watkins}
}

@ONLINE {zhaikunjaredmckinney,
    author = "Zhai Kun, Jared McKinney",
    title  = "South China Sea Timeline",
    url    = "https://www.chinausfocus.com/south-china-sea/#scs-timeline"
}
@article{liuzhen2014, 
	title={What's China's 'Nine-Dash Line' and why has it created so much tension in the South China Sea?}, 
	journal={South China Morning Post}, 
	author={Liu Zhen}, 
	year={2014}
}
@article{gonzales2014spratly,
  title={The Spratly Islands Dispute: International Law, Conflicting Claims, and Alternative Frameworks For Dispute Resolution},
  author={Gonzales, Robin},
  year={2014}
}
@ARTICLE {gautierbattistellaOctober2005,
    author  = {Gautier Battistella},
    title   = {The World's Biggest Propaganda Agency},
    journal = {Reporters Without Borders},
    year    = {2005}
}
@ONLINE {christinetaylor2018,
    author = "Christine Taylor",
    title  = "Structured vs. Unstructured Data",
    month  = "mar",
    year   = "2018",
    url    = "https://www.datamation.com/big-data/structured-vs-unstructured-data.html"
}
@ONLINE {bryanbell2016,
    author = "Bryan Bell",
    title  = "The Road to Prediction: Using Unstructured Data",
    month  = "oct",
    year   = "2016",
    url    = "https://www.dataversity.net/the-road-to-prediction-using-unstructured-data/"
}
@ONLINE {mongoDB2016,
	author="mongoDB",
	title="Unstructured Data In Big Data",
	year="2016",
	url="https://www.mongodb.com/scale/unstructured-data-in-big-data"
}
@inproceedings{yzaguirre2016newspaper,
  title={Newspaper archives+ text mining= rich sources of historical geo-spatial data},
  author={Yzaguirre, A and Smit, M and Warren, R},
  booktitle={IOP Conference Series: Earth and Environmental Science},
  volume={34},
  number={1},
  pages={012043},
  year={2016},
  organization={IOP Publishing}
}
%event prediction article
@article{letham2013sequential,
  title={Sequential event prediction},
  author={Letham, Benjamin and Rudin, Cynthia and Madigan, David},
  journal={Machine learning},
  volume={93},
  number={2-3},
  pages={357--380},
  year={2013},
  publisher={Springer}
}
@article{li2018constructing,
  title={Constructing narrative event evolutionary graph for script event prediction},
  author={Li, Zhongyang and Ding, Xiao and Liu, Ting},
  journal={arXiv preprint arXiv:1805.05081},
  year={2018}
}
@inproceedings{ding2015deep,
  title={Deep learning for event-driven stock prediction},
  author={Ding, Xiao and Zhang, Yue and Liu, Ting and Duan, Junwen},
  booktitle={Twenty-Fourth International Joint Conference on Artificial Intelligence},
  year={2015}
}
@inproceedings{ning2016modeling,
  title={Modeling precursors for event forecasting via nested multi-instance learning},
  author={Ning, Yue and Muthiah, Sathappan and Rangwala, Huzefa and Ramakrishnan, Naren},
  booktitle={Proceedings of the 22nd ACM SIGKDD International Conference on Knowledge Discovery and Data Mining},
  pages={1095--1104},
  year={2016},
  organization={ACM}
}
@article{nguyen2017sequence,
  title={Sequence to Sequence Learning for Event Prediction},
  author={Nguyen, Dai Quoc and Nguyen, Dat Quoc and Chu, Cuong Xuan and Thater, Stefan and Pinkal, Manfred},
  journal={arXiv preprint arXiv:1709.06033},
  year={2017}
}
@inproceedings{hu2017happens,
  title={What happens next? Future subevent prediction using contextual hierarchical LSTM},
  author={Hu, Linmei and Li, Juanzi and Nie, Liqiang and Li, Xiao-Li and Shao, Chao},
  booktitle={Thirty-First AAAI Conference on Artificial Intelligence},
  year={2017}
}

@inproceedings{granroth2016happens,
  title={What happens next? event prediction using a compositional neural network model},
  author={Granroth-Wilding, Mark and Clark, Stephen},
  booktitle={Thirtieth AAAI Conference on Artificial Intelligence},
  year={2016}
}
@article{asencio2017medium,
  title={Medium--large earthquake magnitude prediction in Tokyo with artificial neural networks},
  author={Asencio-Cort{\'e}s, G and Mart{\'\i}nez-{\'A}lvarez, Francisco and Troncoso, A and Morales-Esteban, A},
  journal={Neural Computing and Applications},
  volume={28},
  number={5},
  pages={1043--1055},
  year={2017},
  publisher={Springer}
}
@article{asim2017earthquake,
  title={Earthquake magnitude prediction in Hindukush region using machine learning techniques},
  author={Asim, KM and Mart{\'\i}nez-{\'A}lvarez, F and Basit, A and Iqbal, T},
  journal={Natural Hazards},
  volume={85},
  number={1},
  pages={471--486},
  year={2017},
  publisher={Springer}
}
@article{mulia2016real,
  title={Real-time forecasting of near-field tsunami waveforms at coastal areas using a regularized extreme learning machine},
  author={Mulia, Iyan E and Asano, Toshiyuki and Nagayama, Akio},
  journal={Coastal Engineering},
  volume={109},
  pages={1--8},
  year={2016},
  publisher={Elsevier}
}
@inproceedings{vargas2017deep,
  title={Deep learning for stock market prediction from financial news articles},
  author={Vargas, Manuel R and De Lima, Beatriz SLP and Evsukoff, Alexandre G},
  booktitle={2017 IEEE International Conference on Computational Intelligence and Virtual Environments for Measurement Systems and Applications (CIVEMSA)},
  pages={60--65},
  year={2017},
  organization={IEEE}
}
@incollection{FRUNZA2016263,
title = "Chapter 3B - Exploring Unstructured Data",
editor = "Marius-Christian Frunza",
booktitle = "Solving Modern Crime in Financial Markets",
publisher = "Academic Press",
pages = "263 - 273",
year = "2016",
isbn = "978-0-12-804494-0",
doi = "https://doi.org/10.1016/B978-0-12-804494-0.00019-X",
url = "http://www.sciencedirect.com/science/article/pii/B978012804494000019X",
author = "Marius-Christian Frunza",
keywords = "POS tagging, HMM, Naïve Bayes classifiers, Sentiment analysis",
}

@online{rohitbigdata2019,
	author = {Rohit Kulkarni},
	title = {Big Data Goes Big},
	year = {2019},
	url = {https://www.forbes.com/sites/rkulkarni/2019/02/07/big-data-goes-big/#5c7be26420d7}
}

@article{bhardwaj2016text,
  title={Text mining, its utilities, challenges and clustering techniques},
  author={Bhardwaj, Bhavna},
  journal={International Journal of Computer Applications},
  volume={135},
  number={7},
  pages={975--8887},
  year={2016},
  publisher={Foundation of Computer Science}
}
@inproceedings{tan1999text,
  title={Text mining: The state of the art and the challenges},
  author={Tan, Ah-Hwee and others},
  booktitle={Proceedings of the PAKDD 1999 Workshop on Knowledge Disocovery from Advanced Databases},
  volume={8},
  pages={65--70},
  year={1999},
  organization={sn}
}
@article{lima2009domain,
  title={Domain knowledge integration in data mining using decision tables: Case studies in churn prediction},
  author={Lima, Elen and Mues, Christophe and Baesens, Bart},
  journal={Journal of the Operational Research Society},
  volume={60},
  number={8},
  pages={1096--1106},
  year={2009},
  publisher={Taylor \& Francis}
}
@article{afzal2010rule,
  title={Rule based autonomous citation mining with TIERL},
  author={Afzal, Muhammad Tanvir and Maurer, Hermann and Balke, Wolf-Tilo and Kulathuramaiyer, Narayanan},
  journal={Journal of Digital Information Management},
  volume={8},
  number={3},
  pages={196--204},
  year={2010},
  publisher={Digital Information Research Foundation}
}
@inproceedings{hogenboom2011overview,
  title={An overview of event extraction from text},
  author={Hogenboom, Frederik and Frasincar, Flavius and Kaymak, Uzay and De Jong, Franciska},
  booktitle={Workshop on Detection, Representation, and Exploitation of Events in the Semantic Web (DeRiVE 2011) at Tenth International Semantic Web Conference (ISWC 2011)},
  volume={779},
  pages={48--57},
  year={2011},
  organization={Citeseer}
}
@article{ford2016extracting,
  title={Extracting information from the text of electronic medical records to improve case detection: a systematic review},
  author={Ford, Elizabeth and Carroll, John A and Smith, Helen E and Scott, Donia and Cassell, Jackie A},
  journal={Journal of the American Medical Informatics Association},
  volume={23},
  number={5},
  pages={1007--1015},
  year={2016},
  publisher={Oxford University Press}
}
@inproceedings{wang2012automatic,
  title={Automatic crime prediction using events extracted from twitter posts},
  author={Wang, Xiaofeng and Gerber, Matthew S and Brown, Donald E},
  booktitle={International conference on social computing, behavioral-cultural modeling, and prediction},
  pages={231--238},
  year={2012},
  organization={Springer}
}
@inproceedings{ding2014using,
  title={Using structured events to predict stock price movement: An empirical investigation},
  author={Ding, Xiao and Zhang, Yue and Liu, Ting and Duan, Junwen},
  booktitle={Proceedings of the 2014 Conference on Empirical Methods in Natural Language Processing (EMNLP)},
  pages={1415--1425},
  year={2014}
}
@inproceedings{ReVerb2011,
  author =   {Anthony Fader and Stephen Soderland and Oren Etzioni},
  title =    {Identifying Relations for Open Information Extraction},
  booktitle =    {Proceedings of the Conference of Empirical Methods
                  in Natural Language Processing ({EMNLP} '11)},
  year =     {2011},
  month =    {July 27-31},
  address =  {Edinburgh, Scotland, UK}
}
@article{zhang2011syntactic,
  title={Syntactic processing using the generalized perceptron and beam search},
  author={Zhang, Yue and Clark, Stephen},
  journal={Computational linguistics},
  volume={37},
  number={1},
  pages={105--151},
  year={2011},
  publisher={MIT Press}
}
@inproceedings{zhou2015unsupervised,
  title={An unsupervised framework of exploring events on twitter: Filtering, extraction and categorization},
  author={Zhou, Deyu and Chen, Liangyu and He, Yulan},
  booktitle={Twenty-Ninth AAAI Conference on Artificial Intelligence},
  year={2015}
}
@inproceedings{zhou2014simple,
  title={A simple bayesian modelling approach to event extraction from twitter},
  author={Zhou, Deyu and Chen, Liangyu and He, Yulan},
  booktitle={Proceedings of the 52nd Annual Meeting of the Association for Computational Linguistics (Volume 2: Short Papers)},
  volume={2},
  pages={700--705},
  year={2014}
}
@article{anantharam2015extracting,  			
  title={Extracting city traffic events from social streams},
  author={Anantharam, Pramod and Barnaghi, Payam and Thirunarayan, Krishnaprasad and Sheth, Amit},
  journal={ACM Transactions on Intelligent Systems and Technology (TIST)},
  volume={6},
  number={4},
  pages={43},
  year={2015},
  publisher={ACM}
}
@ONLINE {sauravkaushik2016,
    author = "SAURAV KAUSHIK",
    title  = "An Introduction to Clustering and different methods of clustering",
    month  = "nov",
    year   = "2016",
    url    = "https://www.analyticsvidhya.com/blog/2016/11/an-introduction-to-clustering-and-different-methods-of-clustering/"
}
@article{suyal2014text,
  title={Text Clustering Algorithms: A Review},
  author={Suyal, Himanshu and Panwar, Amit and Negi, Ajit Singh},
  journal={International Journal of Computer Applications},
  volume={96},
  number={24},
  year={2014},
  publisher={Foundation of Computer Science}
}
@article{vesanto2000clustering,
  title={Clustering of the self-organizing map},
  author={Vesanto, Juha and Alhoniemi, Esa and others},
  journal={IEEE Transactions on neural networks},
  volume={11},
  number={3},
  pages={586--600},
  year={2000},
  publisher={Citeseer}
}
@ONLINE {jaewookahnsueyeonsyn2005,
    author = "Jae-Wook Ahn , Sue Yeon Syn",
    title  = "Self-Organizing Maps",
    month  = "apr",
    year   = "2005",
    url    = "http://www.pitt.edu/~is2470pb/Spring05/FinalProjects/Group1a/tutorial/som.html"
}
@inproceedings{fedoryszak2019real,
	title={Real-time event detection on social data streams},
	author={Fedoryszak, Mateusz and Frederick, Brent and Rajaram, Vijay and Zhong, Changtao},
	booktitle={Proceedings of the 25th ACM SIGKDD International Conference on Knowledge Discovery \& Data Mining},
	pages={2774--2782},
	year={2019}
}
@article{schinas2018event,
	title={Event detection and retrieval on social media},
	author={Schinas, Manos and Papadopoulos, Symeon and Kompatsiaris, Yiannis and Mitkas, Pericles},
	journal={arXiv preprint arXiv:1807.03675},
	year={2018}
}
@article{mele2019event,
	title={Event mining and timeliness analysis from heterogeneous news streams},
	author={Mele, Ida and Bahrainian, Seyed Ali and Crestani, Fabio},
	journal={Information Processing \& Management},
	volume={56},
	number={3},
	pages={969--993},
	year={2019},
	publisher={Elsevier}
}
@article{chen2019bibliometric,
	title={A bibliometric analysis of event detection in social media},
	author={Chen, Xieling and Wang, Shan and Tang, Yong and Hao, Tianyong},
	journal={Online Information Review},
	year={2019},
	publisher={Emerald Publishing Limited}
}
@inproceedings{mikolov2013distributed,
	title={Distributed representations of words and phrases and their compositionality},
	author={Mikolov, Tomas and Sutskever, Ilya and Chen, Kai and Corrado, Greg S and Dean, Jeff},
	booktitle={Advances in neural information processing systems},
	pages={3111--3119},
	year={2013}
}
@article{xiang2019survey,
	title={A Survey of Event Extraction From Text},
	author={Xiang, Wei and Wang, Bang},
	journal={IEEE Access},
	volume={7},
	pages={173111--173137},
	year={2019},
	publisher={IEEE}
}
@article{pechsiri2010explanation,
  title={Explanation knowledge graph construction through causality extraction from texts},
  author={Pechsiri, Chaveevan and Piriyakul, Rapepun},
  journal={Journal of computer science and technology},
  volume={25},
  number={5},
  pages={1055--1070},
  year={2010},
  publisher={Springer}
}
@inproceedings{mirza2014extracting,
  title={Extracting temporal and causal relations between events},
  author={Mirza, Paramita},
  booktitle={Proceedings of the ACL 2014 Student Research Workshop},
  pages={10--17},
  year={2014}
}
@article{zhang2015chinese,
	title={Chinese comments sentiment classification based on word2vec and SVMperf},
	author={Zhang, Dongwen and Xu, Hua and Su, Zengcai and Xu, Yunfeng},
	journal={Expert Systems with Applications},
	volume={42},
	number={4},
	pages={1857--1863},
	year={2015},
	publisher={Elsevier}
}
@article{mikolov2013efficient,
	title={Efficient estimation of word representations in vector space},
	author={Mikolov, Tomas and Chen, Kai and Corrado, Greg and Dean, Jeffrey},
	journal={arXiv preprint arXiv:1301.3781},
	year={2013}
}
@inproceedings{pennington2014glove,
	title={Glove: Global vectors for word representation},
	author={Pennington, Jeffrey and Socher, Richard and Manning, Christopher D},
	booktitle={Proceedings of the 2014 conference on empirical methods in natural language processing (EMNLP)},
	pages={1532--1543},
	year={2014}
}
@inproceedings{le2014distributed,
	title={Distributed representations of sentences and documents},
	author={Le, Quoc and Mikolov, Tomas},
	booktitle={International conference on machine learning},
	pages={1188--1196},
	year={2014}
}
@article{conneau2017supervised,
	title={Supervised learning of universal sentence representations from natural language inference data},
	author={Conneau, Alexis and Kiela, Douwe and Schwenk, Holger and Barrault, Loic and Bordes, Antoine},
	journal={arXiv preprint arXiv:1705.02364},
	year={2017}
}
@article{devlin2018bert,
	title={Bert: Pre-training of deep bidirectional transformers for language understanding},
	author={Devlin, Jacob and Chang, Ming-Wei and Lee, Kenton and Toutanova, Kristina},
	journal={arXiv preprint arXiv:1810.04805},
	year={2018}
}
@article{arora2016simple,
	title={A simple but tough-to-beat baseline for sentence embeddings},
	author={Arora, Sanjeev and Liang, Yingyu and Ma, Tengyu},
	year={2016}
}
@inproceedings{torabi-asr-etal-2018-querying,
	title = "Querying Word Embeddings for Similarity and Relatedness",
	author = "Torabi Asr, Fatemeh  and
	Zinkov, Robert  and
	Jones, Michael",
	booktitle = "Proceedings of the 2018 Conference of the North {A}merican Chapter of the Association for Computational Linguistics: Human Language Technologies, Volume 1 (Long Papers)",
	month = jun,
	year = "2018",
	address = "New Orleans, Louisiana",
	publisher = "Association for Computational Linguistics",
	url = "https://www.aclweb.org/anthology/N18-1062",
	doi = "10.18653/v1/N18-1062",
	pages = "675--684"
}
@article{bekkali2019effective,
	title={An effective short text conceptualization based on new short text similarity},
	author={Bekkali, Mohammed and Lachkar, Abdelmonaime},
	journal={Social Network Analysis and Mining},
	volume={9},
	number={1},
	pages={1},
	year={2019},
	publisher={Springer}
}
@article{yang2018learning,
	title={Learning semantic textual similarity from conversations},
	author={Yang, Yinfei and Yuan, Steve and Cer, Daniel and Kong, Sheng-Yi and Constant, Noah and Pilar, Petr and Ge, Heming and Sung, Yun-Hsuan and Strope, Brian and Kurzweil, Ray},
	journal={arXiv preprint arXiv:1804.07754},
	year={2018}
}
@inproceedings{lilleberg2015support,
	title={Support vector machines and word2vec for text classification with semantic features},
	author={Lilleberg, Joseph and Zhu, Yun and Zhang, Yanqing},
	booktitle={2015 IEEE 14th International Conference on Cognitive Informatics \& Cognitive Computing (ICCI* CC)},
	pages={136--140},
	year={2015},
	organization={IEEE}
}
@article{deuniversal,
	title={Universal Dependencies: A cross-linguistic typology},
	author={de Marneffe, Marie-Catherine and Dozat, Timothy and Silveira, Natalia and Haverinen, Katri and Ginter, Filip and Nivre, Joakim and Manning, Christopher D}
}
@inproceedings{hendrickx-etal-2010-semeval,
	title = "{S}em{E}val-2010 Task 8: Multi-Way Classification of Semantic Relations between Pairs of Nominals",
	author = "Hendrickx, Iris  and
	Kim, Su Nam  and
	Kozareva, Zornitsa  and
	Nakov, Preslav  and
	{\'O} S{\'e}aghdha, Diarmuid  and
	Pad{\'o}, Sebastian  and
	Pennacchiotti, Marco  and
	Romano, Lorenza  and
	Szpakowicz, Stan",
	booktitle = "Proceedings of the 5th International Workshop on Semantic Evaluation",
	month = jul,
	year = "2010",
	address = "Uppsala, Sweden",
	publisher = "Association for Computational Linguistics",
	url = "https://www.aclweb.org/anthology/S10-1006",
	pages = "33--38",
}
@inproceedings{ritter2012open,
	title={Open domain event extraction from twitter},
	author={Ritter, Alan and Etzioni, Oren and Clark, Sam},
	booktitle={Proceedings of the 18th ACM SIGKDD international conference on Knowledge discovery and data mining},
	pages={1104--1112},
	year={2012}
}
@inproceedings{zhao2017constructing,
  title={Constructing and embedding abstract event causality networks from text snippets},
  author={Zhao, Sendong and Wang, Quan and Massung, Sean and Qin, Bing and Liu, Ting and Wang, Bin and Zhai, ChengXiang},
  booktitle={Proceedings of the Tenth ACM International Conference on Web Search and Data Mining},
  pages={335--344},
  year={2017},
  organization={ACM}
}
@inproceedings{riloff1993automatically,
	title={Automatically constructing a dictionary for information extraction tasks},
	author={Riloff, Ellen and others},
	booktitle={AAAI},
	volume={1},
	number={1},
	pages={2--1},
	year={1993},
	organization={Citeseer}
}
@inproceedings{sankaranarayanan2009twitterstand,
	title={Twitterstand: news in tweets},
	author={Sankaranarayanan, Jagan and Samet, Hanan and Teitler, Benjamin E and Lieberman, Michael D and Sperling, Jon},
	booktitle={Proceedings of the 17th acm sigspatial international conference on advances in geographic information systems},
	pages={42--51},
	year={2009}
}
@article{rumi2018crime,
  title={Crime event prediction with dynamic features},
  author={Rumi, Shakila Khan and Deng, Ke and Salim, Flora Dilys},
  journal={EPJ Data Science},
  volume={7},
  number={1},
  pages={43},
  year={2018},
  publisher={SpringerOpen}
}
@article{dami2018news,
  title={News events prediction using Markov logic networks},
  author={Dami, Sina and Barforoush, Ahmad Abdollahzadeh and Shirazi, Hossein},
  journal={Journal of Information Science},
  volume={44},
  number={1},
  pages={91--109},
  year={2018},
  publisher={SAGE Publications Sage UK: London, England}
}
@article{sharp2016creating,
	title={Creating causal embeddings for question answering with minimal supervision},
	author={Sharp, Rebecca and Surdeanu, Mihai and Jansen, Peter and Clark, Peter and Hammond, Michael},
	journal={arXiv preprint arXiv:1609.08097},
	year={2016}
}
@ONLINE {chinapower2016,
    author = "ChinaPower",
    title  = "How much trade transits the South China Sea?",
    year   = "2016",
    url    = "https://chinapower.csis.org/much-trade-transits-south-china-sea/"
}
@article{maziarz2017longitudinal,
  title={On longitudinal prediction with time-to-event outcome: Comparison of modeling options},
  author={Maziarz, Marlena and Heagerty, Patrick and Cai, Tianxi and Zheng, Yingye},
  journal={Biometrics},
  volume={73},
  number={1},
  pages={83--93},
  year={2017},
  publisher={Wiley Online Library}
}
@article{grolinger2016energy,
  title={Energy forecasting for event venues: Big data and prediction accuracy},
  author={Grolinger, Katarina and L’Heureux, Alexandra and Capretz, Miriam AM and Seewald, Luke},
  journal={Energy and Buildings},
  volume={112},
  pages={222--233},
  year={2016},
  publisher={Elsevier}
}
@book{poesio2016anaphora,
  title={Anaphora resolution: Algorithms, resources, and applications},
  author={Poesio, Massimo and Stuckardt, Roland and Versley, Yannick},
  year={2016},
  publisher={Springer}
}
@article{choi2016coreference,
  title={Coreference resolution improves extraction of Biological Expression Language statements from texts},
  author={Choi, Miji and Liu, Haibin and Baumgartner, William and Zobel, Justin and Verspoor, Karin},
  journal={Database},
  volume={2016},
  year={2016},
  publisher={Oxford University Press}
}
@article{bandaragoda2018text,
  title={Text Mining for Personalized Knowledge Extraction From Online Support Groups},
  author={Bandaragoda, Tharindu Rukshan and De Silva, Daswin and Alahakoon, Damminda and Ranasinghe, Weranja and Bolton, Damien},
  journal={Journal of the Association for Information Science and Technology},
  volume={69},
  number={12},
  pages={1446--1459},
  year={2018},
  publisher={Wiley Online Library}
}
@article{radinsky2014pundit,
author = {Radinsky, Kira and Davidovich, Sagie and Markovitch, Shaul},
year = {2014},
month = {02},
pages = {},
title = {Learning to Predict from Textual Data},
volume = {45},
journal = {Journal of Artificial Intelligence Research},
doi = {10.1613/jair.3865}
}
@article{dahlhaus2003causality,
  title={Causality and graphical models in time series analysis},
  author={Dahlhaus, Rainer and Eichler, Michael},
  journal={Oxford Statistical Science Series},
  pages={115--137},
  year={2003},
  publisher={Citeseer}
}
@ARTICLE{Seth2007,
AUTHOR = {Seth, A. },
TITLE   = {{G}ranger causality},
YEAR    = {2007},
JOURNAL = {Scholarpedia},
VOLUME  = {2},
NUMBER  = {7},
PAGES   = {1667},
DOI     = {10.4249/scholarpedia.1667},
NOTE    = {revision \#127333}
}
@article{gaur2012neural,
  title={Neural networks in data mining},
  author={Gaur, Priyanka},
  journal={International Journal of Electronics and Computer Science Engineering (IJECSE, ISSN: 2277-1956)},
  volume={1},
  number={03},
  pages={1449--1453},
  year={2012}
}
@inproceedings{tung2016mining,
	title={Mining event sequences from social media for election prediction},
	author={Tung, Kuan-Chieh and Wang, En Tzu and Chen, Arbee LP},
	booktitle={Industrial Conference on Data Mining},
	pages={266--281},
	year={2016},
	organization={Springer}
}

@online{vietnamboat2014,
	author = {BBC news},
	title = {Vietnam boat sinks after collision with Chinese vessel},
	year = {2014},
	url ={https://www.bbc.com/news/world-asia-27583564}
}
@inproceedings{krilavivcius2012news,
	title={News media analysis using focused crawl and natural language processing: case of Lithuanian news websites},
	author={Krilavi{\v{c}}ius, Tomas and Medelis, {\v{Z}}ygimantas and Kapo{\v{c}}i{\=u}t{\.e}-Dzikien{\.e}, Jurgita and {\v{Z}}alandauskas, Tomas},
	booktitle={International Conference on Information and Software Technologies},
	pages={48--61},
	year={2012},
	organization={Springer}
}
@inproceedings{Laboreiro2010TokenizingMM,
	title={Tokenizing micro-blogging messages using a text classification approach},
	author={Gustavo Laboreiro and Lu{\'i}s Sarmento and Jorge Teixeira and Eug{\'e}nio C. Oliveira},
	booktitle={AND},
	year={2010}
}
@inproceedings{han2011lexical,
	title={Lexical normalisation of short text messages: Makn sens a\# twitter},
	author={Han, Bo and Baldwin, Timothy},
	booktitle={Proceedings of the 49th Annual Meeting of the Association for Computational Linguistics: Human Language Technologies-Volume 1},
	pages={368--378},
	year={2011},
	organization={Association for Computational Linguistics}
}
@article{mustafa2018kurdish,
	title={Kurdish stemmer pre-processing steps for improving information retrieval},
	author={Mustafa, Arazo M and Rashid, Tarik A},
	journal={Journal of Information Science},
	volume={44},
	number={1},
	pages={15--27},
	year={2018},
	publisher={SAGE Publications Sage UK: London, England}
}
@book{bird2009natural,
	title={Natural language processing with Python: analyzing text with the natural language toolkit},
	author={Bird, Steven and Klein, Ewan and Loper, Edward},
	year={2009},
	publisher={" O'Reilly Media, Inc."}
}
@inproceedings{wu2017event,
	title={An event timeline extraction method based on news corpus},
	author={Wu, Yaguang and Sun, Haichun and Yan, Chungang},
	booktitle={2017 IEEE 2nd International Conference on Big Data Analysis (ICBDA)(},
	pages={697--702},
	year={2017},
	organization={IEEE}
}
@article{hogenboom2016survey,
	title={A survey of event extraction methods from text for decision support systems},
	author={Hogenboom, Frederik and Frasincar, Flavius and Kaymak, Uzay and De Jong, Franciska and Caron, Emiel},
	journal={Decision Support Systems},
	volume={85},
	pages={12--22},
	year={2016},
	publisher={Elsevier}
}
@article{valenzuela2015domain,
	title={A domain-independent rule-based framework for event extraction},
	author={Valenzuela-Esc{\'a}rcega, Marco A and Hahn-Powell, Gus and Surdeanu, Mihai and Hicks, Thomas},
	journal={Proceedings of ACL-IJCNLP 2015 System Demonstrations},
	pages={127--132},
	year={2015}
}
@article{rospocher2016building,
	title={Building event-centric knowledge graphs from news},
	author={Rospocher, Marco and van Erp, Marieke and Vossen, Piek and Fokkens, Antske and Aldabe, Itziar and Rigau, German and Soroa, Aitor and Ploeger, Thomas and Bogaard, Tessel},
	journal={Journal of Web Semantics},
	volume={37},
	pages={132--151},
	year={2016},
	publisher={Elsevier}
}
@article{vossen2016newsreader,
	title={NewsReader: Using knowledge resources in a cross-lingual reading machine to generate more knowledge from massive streams of news},
	author={Vossen, Piek and Agerri, Rodrigo and Aldabe, Itziar and Cybulska, Agata and van Erp, Marieke and Fokkens, Antske and Laparra, Egoitz and Minard, Anne-Lyse and Aprosio, Alessio Palmero and Rigau, German and others},
	journal={Knowledge-Based Systems},
	volume={110},
	pages={60--85},
	year={2016},
	publisher={Elsevier}
}
@inproceedings{ding2016knowledge,
	title={Knowledge-driven event embedding for stock prediction},
	author={Ding, Xiao and Zhang, Yue and Liu, Ting and Duan, Junwen},
	booktitle={Proceedings of COLING 2016, the 26th International Conference on Computational Linguistics: Technical Papers},
	pages={2133--2142},
	year={2016}
}
@inproceedings{kaschesky2011opinion,
	title={Opinion mining in social media: modeling, simulating, and visualizing political opinion formation in the web},
	author={Kaschesky, Michael and Sobkowicz, Pawel and Bouchard, Guillaume},
	booktitle={Proceedings of the 12th Annual International Digital Government Research Conference: Digital Government Innovation in Challenging Times},
	pages={317--326},
	year={2011},
	organization={ACM}
}
